<?xml version="1.0" encoding="UTF-8"?><collection xmlns="http://www.loc.gov/MARC21/slim"><record><leader>00408nam--2200157-i-4500</leader><controlfield tag="001">000009217</controlfield><controlfield tag="002">20161230</controlfield><controlfield tag="005">20170210163718</controlfield><controlfield tag="008">060222s1000------------r-----000-0-eng-d</controlfield><datafield ind1=" " ind2=" " tag="100"><subfield code="a">Cavadia, I</subfield></datafield><datafield ind1=" " ind2=" " tag="245"><subfield code="a">Programarea cu ajutorul subrutinelor</subfield></datafield><datafield ind1=" " ind2=" " tag="260"><subfield code="a">Bucuresti</subfield><subfield code="b">Institutul De Fizica Atomica</subfield><subfield code="c">1963</subfield></datafield><datafield ind1=" " ind2=" " tag="300"><subfield code="a">51 p</subfield></datafield><datafield ind1=" " ind2=" " tag="700"><subfield code="a">Zamfirescu, Ioan</subfield></datafield><datafield ind1=" " ind2=" " tag="852"><subfield code="a">681.3.06</subfield></datafield><datafield ind1=" " ind2=" " tag="CAT"><subfield code="a">SYS</subfield><subfield code="c">20170210</subfield><subfield code="h">163718</subfield></datafield></record></collection>